@Article{gustafsson+autio:2011,
  author = 	 {Robin Gustafsson and Erkko Autio},
  title = 	 {{A Failure Trichotomy in Knowledge Exploration and Exploitation}},
  journal = 	 {{Research Policy}},
  year = 	 {2011},
  volume = 	 {40},
  number = 	 {6},
  pages = 	 {819--831}
}

@Article{edler-et-al:2013,
  author = 	 {Jakob Edler and Paul Cunningham and Abdullah G\"{o}k and Philip Shapira},
  title = 	 {{Impacts of Innovation Policy: Synthesis and Conclusion}},
  year = 	 {2013},
  note = 	 {{Compendium of Evidence on the Effectiveness of Innovation Policy Intervention Project}, {Manchester Institute of Innovation Research, University of Manchester}}
}

@Book{fagerberg-et-al:2006,
  editor = 	 {Jan Fagerberg and David C. Mowery and Richard R. Nelson},
  title = 	 {{The Oxford Handbook of Innovation}},
  publisher = 	 {{Oxford University Press}},
  year = 	 {2006}
}

@Unpublished{schroeder+cowls:2014,
  author = 	 {Ralph Schroeder and Josh Cowls},
  title = 	 {{Big Data, Ethics, and the Social Implications of Knowledge Production}},
  note = 	 {{Paper presented at Data Ethics Workshop, KDD@Bloomberg}},
  year = 	 {2014}
}

@Article{hocstc:2014,
  author = 	 {{House of Commons Science \& Technology Committee}},
  title = 	 {{Responsible Use of Data}},
  year = 	 {2014},
  note = 	 {{Fourth Report of Session 2014-2015}}
}

@Article{rssaaoe:2012,
  author = 	 {{Royal Society}},
  title = 	 {Science as an Open Enterprise},
  year = 	 {2012}
}


